@article{Keshav,
    author = {Keshav, S.},
    title = {How to Read a Paper},
    journal = {SIGCOMM Comput. Commun. Rev.},
    issue_date = {July 2007},
    volume = {37},
    number = {3},
    month = jul,
    year = {2007},
    issn = {0146-4833},
    pages = {83--84},
    numpages = {2},
    url = {http://doi.acm.org/10.1145/1273445.1273458},
    doi = {10.1145/1273445.1273458},
    acmid = {1273458},
    publisher = {ACM},
    address = {New York, NY, USA},
    keywords = {hints, paper, reading},
} 
@article{Unity3D,
	author = {ChromeFXFilms},
	title = {Forest Example},
	journal = {SIGCOMM Comput. Commun. Rev.},
	issue_date = {19 Nov 2012},
	volume = {},
	number = {},
	month = mar,
	year = {2017},
	issn = {},
	pages = {},
	numpages = {},
	url = {https://www.youtube.com/watch?v=Wi-jeQ7jDrk},
	doi = {},
	acmid = {},
	publisher = {ChromeFXFilms},
	address = {},
	keywords = {video, demo, free assets},
} 
@article{ProceduralTextures,
	author = {Morgan Kaufmann},
	title = {Texturing and Modeling A Procedural Approach},
	journal = {},
	issue_date = {2003},
	volume = {},
	number = {},
	month = ,
	year = {2017},
	issn = {},
	pages = {},
	numpages = {10, 135, 547},
	url = {https://en.wikipedia.org/wiki/Procedural_texture},
	doi = {},
	acmid = {},
	publisher = {Wikipedia},
	address = {},
	keywords = {Texturing, Procedural},
} 
@article{TheCulling,
	author = {Xavient},
	title = {The Culling},
	journal = {},
	issue_date = {2016},
	volume = {},
	number = {},
	month = ,
	year = {2017},
	issn = {},
	pages = {},
	numpages = {},
	url = {http://theculling.com/},
	doi = {},
	acmid = {},
	publisher = {Xaivent},
	address = {},
	keywords = {Game, Forest map, },
} 